
@MISC {intel,
    title        = "IXP4XX Product Line of Network Processors",
    howpublished = "https://www.intel.com/content/www/us/en/intelligent-systems/previous-generation/intel-ixp4xx-intel-network-processor-product-line.html",
    year		 = 2017,
    note         = "Accessed on 01/29/2018"

}

@MISC {micro,
    title        = "WinPath Network Processors",
    howpublished = "https://www.microsemi.com/product-directory/ethernet-solutions/4118-winpath",
    year		 = 2013,
    note         = "Accessed on 01/29/2018"

}

@MISC {cisco,
    title        = "Cisco 7200 Series Network Processing Engine NPE-G1",
    howpublished = "White paper",
    year		 = 2015
}

@MISC {mellanox,
    title        = "Network Processor Families Overview",
    howpublished = "http://www.mellanox.com/page/npu\_overview",
    year		 = 2016,
    note         = "Accessed on 01/29/2018"
}


@MISC {cavium2,
    title        = "XPliant Ethernet Switch Product Family",
    howpublished = "http://www.cavium.com/XPliant-Ethernet-Switch-Product-Family.html",
    year		 = 2016,
    note         = "Accessed on 01/28/2018"
}


@MISC {cavium1,
    title        = "Cavium Attacks Broadcom in Switches",
    howpublished = "https://www.eetimes.com/document.asp?doc\_id=1323931",
    year		 = 2014,
    note         = "Accessed on 01/28/2018"
}


@MISC {barefoot-tofino,
    title        = "Barefoot: The World's Fastest and Most Programmable Networks",
    howpublished = "https://barefootnetworks.com/resources/worlds-fastest-most-programmable-networks/",
    year		 = 2016,
    note         = "Accessed on 01/28/2018"
}


@inproceedings{Dobrescu:2009:REP:1629575.1629578,
 author = {Dobrescu, Mihai and Egi, Norbert and Argyraki, Katerina and Chun, Byung-Gon and Fall, Kevin and Iannaccone, Gianluca and Knies, Allan and Manesh, Maziar and Ratnasamy, Sylvia},
 title = {RouteBricks: Exploiting Parallelism to Scale Software Routers},
 booktitle = {Proceedings of the ACM SIGOPS 22Nd Symposium on Operating Systems Principles},
 series = {SOSP '09},
 year = {2009},
 isbn = {978-1-60558-752-3},
 location = {Big Sky, Montana, USA},
 pages = {15--28},
 numpages = {14},
 url = {http://doi.acm.org/10.1145/1629575.1629578},
 doi = {10.1145/1629575.1629578},
 acmid = {1629578},
 publisher = {ACM},
 address = {New York, NY, USA},
 keywords = {multicore, parallelism, programmability, software router},
} 

@inproceedings{Sherwood:2003:PMA:859618.859652,
 author = {Sherwood, Timothy and Varghese, George and Calder, Brad},
 title = {A Pipelined Memory Architecture for High Throughput Network Processors},
 booktitle = {Proceedings of the 30th Annual International Symposium on Computer Architecture},
 series = {ISCA '03},
 year = {2003},
 isbn = {0-7695-1945-8},
 location = {San Diego, California},
 pages = {288--299},
 numpages = {12},
 url = {http://doi.acm.org/10.1145/859618.859652},
 doi = {10.1145/859618.859652},
 acmid = {859652},
 publisher = {ACM},
 address = {New York, NY, USA},
} 

@article{Keslassy:2012:PPG:2428663.2428680,
 author = {Keslassy, Isaac and Kogan, Kirill and Scalosub, Gabriel and Segal, Michael},
 title = {Providing Performance Guarantees in Multipass Network Processors},
 journal = {IEEE/ACM Trans. Netw.},
 issue_date = {December 2012},
 volume = {20},
 number = {6},
 month = dec,
 year = {2012},
 issn = {1063-6692},
 pages = {1895--1909},
 numpages = {15},
 url = {http://dx.doi.org/10.1109/TNET.2012.2186979},
 doi = {10.1109/TNET.2012.2186979},
 acmid = {2428680},
 publisher = {IEEE Press},
 address = {Piscataway, NJ, USA},
 keywords = {buffer management algorithms, competitive analysis, network processors (NPs), scheduling},
} 

@article{kohler2000click,
  title={The Click modular router},
  author={Kohler, Eddie and Morris, Robert and Chen, Benjie and Jannotti, John and Kaashoek, M Frans},
  journal={ACM Transactions on Computer Systems (TOCS)},
  volume={18},
  number={3},
  pages={263--297},
  year={2000},
  publisher={ACM}
}

@inproceedings{rizzo2012netmap,
  title={Netmap: a novel framework for fast packet I/O},
  author={Rizzo, Luigi},
  booktitle={21st USENIX Security Symposium (USENIX Security 12)},
  pages={101--112},
  year={2012}
}

@article{McKeown:2008:OpenFlow,
 author = {McKeown, Nick and Anderson, Tom and Balakrishnan, Hari and Parulkar, Guru and Peterson, Larry and Rexford, Jennifer and Shenker, Scott and Turner, Jonathan},
 title = {OpenFlow: Enabling Innovation in Campus Networks},
 journal = {SIGCOMM Comput. Commun. Rev.},
 issue_date = {April 2008},
 volume = {38},
 number = {2},
 month = mar,
 year = {2008},
 issn = {0146-4833},
 pages = {69--74},
 numpages = {6},
 url = {http://doi.acm.org/10.1145/1355734.1355746},
 doi = {10.1145/1355734.1355746},
 acmid = {1355746},
 publisher = {ACM},
 address = {New York, NY, USA}
} 



@inproceedings{p4fpga,
 author = {Wang, Han and Soul{\'e}, Robert and Dang, Huynh Tu and Lee, Ki Suh and Shrivastav, Vishal and Foster, Nate and Weatherspoon, Hakim},
 title = {P4FPGA: A Rapid Prototyping Framework for P4},
 booktitle = {Proceedings of the Symposium on SDN Research},
 series = {SOSR '17},
 year = {2017},
 isbn = {978-1-4503-4947-5},
 location = {Santa Clara, CA, USA},
 pages = {122--135},
 numpages = {14},
 url = {http://doi.acm.org/10.1145/3050220.3050234},
 doi = {10.1145/3050220.3050234},
 publisher = {ACM},
 address = {New York, NY, USA}
} 

@article{stubbe2017p4,
  title={P4 Compiler \& Interpreter: A Survey},
  author={Stubbe, Henning},
  journal={Future Internet (FI) and Innovative Internet Technologies and Mobile Communication (IITM)},
  volume={47},
  year={2017}
}

@MISC {ACMSIGCOMM2017,
    author       = "Nate Foster and Changhoon Kim",
    title        = "P4: Programming the Network Data Plane.",
    booktitle    = "ACM SIGCOMM 2017 Tutorial",
    howpublished = "http://conferences.sigcomm.org/sigcomm/2017/tutorial-p4.html",
    year         = "2017",
    note         = "Accessed on 19/09/2017"
}

@MISC {DPDK2018,
    title        = "Data Plane Development Kit",
    howpublished = "https://dpdk.org",
    year         = "2013",
    note         = "Accessed on 01/10/2018"
}


@inproceedings{benacek2016p4,
  title={P4-to-VHDL: Automatic Generation of 100 Gbps Packet Parsers},
  author={Ben{\'a}{\v c}ek, Pavel and Pu{\v s}, Viktor and Kub{\'a}tov{\'a}, Hana},
  booktitle={Field-Programmable Custom Computing Machines (FCCM), 2016 IEEE 24th Annual International Symposium on},
  pages={148--155},
  year={2016},
  organization={IEEE}
}

@article{BENACEK201822,
title = "P4-To-VHDL: Automatic generation of high-speed input and output network blocks",
journal = "Microprocessors and Microsystems",
volume = "56",
pages = "22 - 33",
year = "2018",
issn = "0141-9331",
doi = "https://doi.org/10.1016/j.micpro.2017.10.012",
url = "http://www.sciencedirect.com/science/article/pii/S0141933117304787",
author = "Pavel Ben{\'a}{\v c}ek and Viktor Pu{\v s} and Hana Kub{\'a}tov{\'a} and Tom{\'a}{\v s} {\v C}ejka"
}


@inproceedings{hancock2016hyper4,
  title={HyPer4: Using P4 to Virtualize the Programmable Data Plane.},
  author={Hancock, David and van der Merwe, Jacobus E},
  booktitle={CoNEXT},
  volume={16},
  pages={35--49},
  year={2016}
}

@inproceedings{laki2016high,
  title={High speed packet forwarding compiled from protocol independent data plane specifications},
  author={Laki, S{\'a}ndor and Horp{\'a}csi, D{\'a}niel and V{\"o}r{\"o}s, P{\'e}ter and Kitlei, R{\'o}bert and Lesk{\'o}, D{\'a}niel and Tejfel, M{\'a}t{\'e}},
  booktitle={Proceedings of the 2016 conference on ACM SIGCOMM 2016 Conference},
  pages={629--630},
  year={2016},
  organization={ACM}
}

@inproceedings{liu2016one,
  title={One sketch to rule them all: Rethinking network flow monitoring with univmon},
  author={Liu, Zaoxing and Manousis, Antonis and Vorsanger, Gregory and Sekar, Vyas and Braverman, Vladimir},
  booktitle={Proceedings of the 2016 conference on ACM SIGCOMM 2016 Conference},
  pages={101--114},
  year={2016},
  organization={ACM}
}

@inproceedings{sivaraman2015dc,
  title={Dc. p4: Programming the forwarding plane of a data-center switch},
  author={Sivaraman, Anirudh and Kim, Changhoon and Krishnamoorthy, Ramkumar and Dixit, Advait and Budiu, Mihai},
  booktitle={Proceedings of the 1st ACM SIGCOMM Symposium on Software Defined Networking Research},
  pages={2},
  year={2015},
  organization={ACM}
}

@MISC {P42014,
    author       = "Ben Pfaff",
    title        = "P4 and OpenvSwitch.",
    howpublished = "p4.org/p4/p4-and-open-vswitch.html",
    year         = "2015",
    note         = "Accessed on 12/15/2017"
}

@MISC {eBPF,
    author       = "Jay Schulist and Daniel Borkmann and Alexei Starovoitov",
    title        = "Linux Socket Filtering aka Berkeley Packet Filter (BPF)",
    howpublished = "www.kernel.org/doc/Documentation/networking/filter.txt",
    note         = "Accessed on 12/15/2017"
}



@MISC {EthernetStandard,
    title        = "IEEE 802.3-2012 4.4.2 MAC parameters",
    howpublished = "http://standards.ieee.org/about/get/802/802.3.html",
    year		 = 2012,
    note         = "Accessed on 12/15/2017"
}

@MISC {IOvisor,
    title        = "Iovisor Project",
    howpublished = "www.iovisor.org",
    year		 = 2016,
    note         = "Accessed on 12/15/2017"
}

@MISC {NetFPGA,
    title        = "NetFPGA Project",
    howpublished = "www.netfpga.org",
    year		 = 2007,
    note         = "Accessed on 12/21/2017"
}


@inproceedings{bosshart2013forwarding,
 author = {Bosshart, Pat and Gibb, Glen and Kim, Hun-Seok and Varghese, George and McKeown, Nick and Izzard, Martin and Mujica, Fernando and Horowitz, Mark},
 title = {Forwarding Metamorphosis: Fast Programmable Match-action Processing in Hardware for SDN},
 booktitle = {Proceedings of the ACM SIGCOMM 2013 Conference on SIGCOMM},
 series = {SIGCOMM '13},
 year = {2013},
 isbn = {978-1-4503-2056-6},
 location = {Hong Kong, China},
 pages = {99--110},
 numpages = {12},
 url = {http://doi.acm.org/10.1145/2486001.2486011},
 doi = {10.1145/2486001.2486011},
 acmid = {2486011},
 publisher = {ACM},
 address = {New York, NY, USA}
} 

@inproceedings{chole2017drmt,
 author = {Chole, Sharad and Fingerhut, Andy and Ma, Sha and Sivaraman, Anirudh and Vargaftik, Shay and Berger, Alon and Mendelson, Gal and Alizadeh, Mohammad and Chuang, Shang-Tse and Keslassy, Isaac and Orda, Ariel and Edsall, Tom},
 title = {dRMT: Disaggregated Programmable Switching},
 booktitle = {Proceedings of the Conference of the ACM Special Interest Group on Data Communication},
 series = {SIGCOMM '17},
 year = {2017},
 isbn = {978-1-4503-4653-5},
 location = {Los Angeles, CA, USA},
 pages = {1--14},
 numpages = {14},
 url = {http://doi.acm.org/10.1145/3098822.3098823},
 doi = {10.1145/3098822.3098823},
 acmid = {3098823},
 publisher = {ACM},
 address = {New York, NY, USA}
} 

@inproceedings{Shahbaz:2015:NetASM,
 author = {Shahbaz, Muhammad and Feamster, Nick},
 title = {The Case for an Intermediate Representation for Programmable Data Planes},
 booktitle = {Proceedings of the 1st ACM SIGCOMM Symposium on Software Defined Networking Research},
 series = {SOSR '15},
 year = {2015},
 isbn = {978-1-4503-3451-8},
 location = {Santa Clara, California},
 pages = {3:1--3:6},
 articleno = {3},
 numpages = {6},
 url = {http://doi.acm.org/10.1145/2774993.2775000},
 doi = {10.1145/2774993.2775000},
 acmid = {2775000},
 publisher = {ACM},
 address = {New York, NY, USA}
} 


@inproceedings{Shahbaz:2016:Pisces,
 author = {Shahbaz, Muhammad and Choi, Sean and Pfaff, Ben and Kim, Changhoon and Feamster, Nick and McKeown, Nick and Rexford, Jennifer},
 title = {PISCES: A Programmable, Protocol-Independent Software Switch},
 booktitle = {Proceedings of the 2016 ACM SIGCOMM Conference},
 series = {SIGCOMM '16},
 year = {2016},
 isbn = {978-1-4503-4193-6},
 location = {Florianopolis, Brazil},
 pages = {525--538},
 numpages = {14},
 url = {http://doi.acm.org/10.1145/2934872.2934886},
 doi = {10.1145/2934872.2934886},
 acmid = {2934886},
 publisher = {ACM},
 address = {New York, NY, USA}
} 

@inproceedings{Jouet:2017:BPFabric,
 author = {Jouet, Simon and Pezaros, Dimitrios P.},
 title = {BPFabric: Data Plane Programmability for Software Defined Networks},
 booktitle = {Proceedings of the Symposium on Architectures for Networking and Communications Systems},
 series = {ANCS '17},
 year = {2017},
 isbn = {978-1-5090-6386-4},
 location = {Beijing, China},
 pages = {38--48},
 numpages = {11},
 url = {https://doi.org/10.1109/ANCS.2017.14},
 doi = {10.1109/ANCS.2017.14},
 acmid = {3101076},
 publisher = {IEEE Press},
 address = {Piscataway, NJ, USA}
} 

@phdthesis{Jouet2017Thesis,
  author = {Simon Jouet},
  Type = { PhD dissertation},
  Title = {Enhancing programmability for adaptive resource management in next generation data centre networks},
  School = {University of Glasgow},
  URL = {theses.gla.ac.uk/8535/},
  month = {October},
  Year = {2017},
} 

@article{Bosshart:2014:P4,
 author = {Bosshart, Pat and Daly, Dan and Gibb, Glen and Izzard, Martin and McKeown, Nick and Rexford, Jennifer and Schlesinger, Cole and Talayco, Dan and Vahdat, Amin and Varghese, George and Walker, David},
 title = {P4: Programming Protocol-independent Packet Processors},
 journal = {SIGCOMM Comput. Commun. Rev.},
 issue_date = {July 2014},
 volume = {44},
 number = {3},
 month = jul,
 year = {2014},
 issn = {0146-4833},
 pages = {87--95},
 numpages = {9},
 url = {http://doi.acm.org/10.1145/2656877.2656890},
 doi = {10.1145/2656877.2656890},
 acmid = {2656890},
 publisher = {ACM},
 address = {New York, NY, USA}
} 

@inproceedings{Pfaff:2015:OpenVSwitch,
 author = {Pfaff, Ben and Pettit, Justin and Koponen, Teemu and Jackson, Ethan J. and Zhou, Andy and Rajahalme, Jarno and Gross, Jesse and Wang, Alex and Stringer, Jonathan and Shelar, Pravin and Amidon, Keith and Casado, Mart\'{\i}n},
 title = {The Design and Implementation of Open vSwitch},
 booktitle = {Proceedings of the 12th USENIX Conference on Networked Systems Design and Implementation},
 series = {NSDI'15},
 year = {2015},
 isbn = {978-1-931971-218},
 location = {Oakland, CA},
 pages = {117--130},
 numpages = {14},
 url = {http://dl.acm.org/citation.cfm?id=2789770.2789779},
 acmid = {2789779},
 publisher = {USENIX Association},
 address = {Berkeley, CA, USA},
} 

@inproceedings{McCanne:1993:BPF:1267303.1267305,
 author = {McCanne, Steven and Jacobson, Van},
 title = {The BSD Packet Filter: A New Architecture for User-level Packet Capture},
 booktitle = {Proceedings of the USENIX Winter 1993 Conference Proceedings on USENIX Winter 1993 Conference Proceedings},
 series = {USENIX'93},
 year = {1993},
 location = {San Diego, California},
 pages = {2--2},
 numpages = {1},
 url = {http://dl.acm.org/citation.cfm?id=1267303.1267305},
 acmid = {1267305},
 publisher = {USENIX Association},
 address = {Berkeley, CA, USA}
} 

@inproceedings{oliveira2013KeyFlow,
 author = {Rafael Emerick Zape de Oliveira and Rômulo Vitoi and Magnos Martinello and Moisés Renato Nunes Ribeiro},
 title = {KeyFlow: Comutação por Chaves Locais de Fluxos Roteados na Borda via Identificadores Globais},
 booktitle = {Simpósio Brasileiro de Redes de Computadores e Sistemas Distribuídos},
 series = {SBRC 2013},
 year = {2013},
 address = {Brasília, DF},
 publisher = {SBC}
} 

@ARTICLE{Martinello2014KeyFlow,
author={M. Martinello and M. R. N. Ribeiro and R. E. Z. de Oliveira and R. de Angelis Vitoi},
journal={IEEE Network},
title={Keyflow: a prototype for evolving SDN toward core network fabrics},
year={2014},
volume={28},
number={2},
pages={12-19},
doi={10.1109/MNET.2014.6786608},
ISSN={0890-8044},
month={March}
}


@article{minicursoSDN2012,
  title={Redes Definidas por Software: uma abordagem sist{\^e}mica para o desenvolvimento de pesquisas em Redes de Computadores},
  author={Guedes, Dorgival and Vieira, Luiz Filipe Menezes and Vieira, Marcos Augusto Menezes and Rodrigues, Henrique and Nunes, Rog{\'e}rio Vinhal},
  journal={Minicursos do Simp{\'o}sio Brasileiro de Redes de Computadores},
  volume={30},
  number={4},
  pages={160-210},
  year={2012}
}

@ARTICLE{ProgrammableNetworks2015,
author={D. F. Macedo and D. Guedes and L. F. M. Vieira and M. A. M. Vieira and M. Nogueira},
journal={IEEE Communications Surveys Tutorials},
title={Programmable Networks: From Software-Defined Radio to Software-Defined Networking},
year={2015},
volume={17},
number={2},
pages={1102-1125},
doi={10.1109/COMST.2015.2402617},
ISSN={1553-877X}
}


@misc{rfc7637,
	series =	{Request for Comments},
	number =	7637,
	howpublished =	{RFC 7637},
	publisher =	{RFC Editor},
	doi =		{10.17487/RFC7637},
	url =		{https://rfc-editor.org/rfc/rfc7637.txt},
    author =	{Pankaj Garg and Yu-Shun Wang},
	title =		{{NVGRE: Network Virtualization Using Generic Routing Encapsulation}},
	pagetotal =	17,
	year =		2015,
	month =		sep
}


@ARTICLE{ChristianSurveySDN2015,
author={D. Kreutz and F. M. V. Ramos and P. E. Ver{\'i}ssimo and C. E. Rothenberg and S. Azodolmolky and S. Uhlig},
journal={Proceedings of the IEEE},
title={Software-Defined Networking: A Comprehensive Survey},
year={2015},
volume={103},
number={1},
pages={14-76},
doi={10.1109/JPROC.2014.2371999},
ISSN={0018-9219},
month={Jan}
}

@inproceedings{Zave:2017:DSC:3098822.3098827,
 author = {Zave, Pamela and Ferreira, Ronaldo A. and Zou, Xuan Kelvin and Morimoto, Masaharu and Rexford, Jennifer},
 title = {Dynamic Service Chaining with Dysco},
 booktitle = {Proceedings of the Conference of the ACM Special Interest Group on Data Communication},
 series = {SIGCOMM '17},
 year = {2017},
 isbn = {978-1-4503-4653-5},
 location = {Los Angeles, CA, USA},
 pages = {57--70},
 numpages = {14},
 url = {http://doi.acm.org/10.1145/3098822.3098827},
 publisher = {ACM},
 address = {New York, NY, USA}
} 

@inproceedings{Song:2013:POF:2491185.2491190,
 author = {Song, Haoyu},
 title = {Protocol-oblivious Forwarding: Unleash the Power of SDN Through a Future-proof Forwarding Plane},
 booktitle = {Proceedings of the Second ACM SIGCOMM Workshop on Hot Topics in Software Defined Networking},
 series = {HotSDN '13},
 year = {2013},
 isbn = {978-1-4503-2178-5},
 location = {Hong Kong, China},
 pages = {127--132},
 numpages = {6},
 url = {http://doi.acm.org/10.1145/2491185.2491190},
 doi = {10.1145/2491185.2491190},
 acmid = {2491190},
 publisher = {ACM},
 address = {New York, NY, USA}
} 

@inproceedings{Sivaraman:2016:PTH:2934872.2934900,
 author = {Sivaraman, Anirudh and Cheung, Alvin and Budiu, Mihai and Kim, Changhoon and Alizadeh, Mohammad and Balakrishnan, Hari and Varghese, George and McKeown, Nick and Licking, Steve},
 title = {Packet Transactions: High-Level Programming for Line-Rate Switches},
 booktitle = {Proceedings of the 2016 ACM SIGCOMM Conference},
 series = {SIGCOMM '16},
 year = {2016},
 isbn = {978-1-4503-4193-6},
 location = {Florianopolis, Brazil},
 pages = {15--28},
 numpages = {14},
 url = {http://doi.acm.org/10.1145/2934872.2934900},
 doi = {10.1145/2934872.2934900},
 acmid = {2934900},
 publisher = {ACM},
 address = {New York, NY, USA}
} 

@ARTICLE{InKeV2016,
 author = {Zaafar Ahmed and Muhammad Hamad Alizai and Affan A. Syed},
 year = {2016},
 title = {InKeV: InKernel Distributed Network Virtualization for DCN},
 journal = {ACM SIGCOMM Computer Communication Review},
 volume = {46},
 number = {3},
 month = {July},
 url = {https://ccronline.sigcomm.org/wp-content/uploads/2016/07/sigcomm-ccr-paper4.pdf}
}

@MISC{FlexPipe2012,
    author = {R. Ozdag},
    title  = {Ethernet Switch FM6000 Series- Software Defined Networking.Intel Corporation},
    year = {2012},
    volume = {8}
}

@MISC{P42EBPF2015,
    author = {Mihai Budiu},
    title  = {Compiling p4 to ebpf},
    year = {2015},
    url = {https://github.com/iovisor/bcc/tree/master/src/cc/frontends/p4}
}

@MISC{Amazon2013Pepelnjak,
    author = {Ivan Pepelnjak},
    title  = {Packet Forwarding in Amazon VPC},
    year = {2013},
    month ={December},
    url = {http://blog.ipspace.net/2013/12/packet-forwarding-in-amazon-vpc.html}
}

@MISC{XilinxAPP,
    author = {Xilinx},
    title  = {Designing flexible, fast CAMs with Virtex family FPGAs},
    year = {1999},
    url = {http://www.xilinx.com/support/documentation/application_notes/xapp203.pdf}
}

@MISC{Xilinx2008,
    author = {Xilinx},
    title  = {DS253 Content-Addressable Memory},
    month  = {September},
    year = {2008},
    url = {https://www.xilinx.com/support/documentation/ip_documentation/cam_ds253.pdf}
}

@MISC{XilinxAXI4,
    author = {Xilinx},
    title  = {AXI Reference Guide},
    year = {2011},
    url = {https://www.xilinx.com/support/documentation/ip_documentation/ug761_axi_reference_guide.pdf}
}


@INPROCEEDINGS{Jouet2015OpenFlow,
author={S. Jouet and R. Cziva and D. P. Pezaros},
booktitle={2015 IEEE 16th International Conference on High Performance Switching and Routing (HPSR)},
title={Arbitrary packet matching in OpenFlow},
year={2015},
volume={},
number={},
pages={1-6},
doi={10.1109/HPSR.2015.7483106},
ISSN={},
month={July}
}



@article{Tu:2017:BEO:3139645.3139657,
 author = {Tu, Cheng-Chun and Stringer, Joe and Pettit, Justin},
 title = {Building an Extensible Open vSwitch Datapath},
 journal = {SIGOPS Oper. Syst. Rev.},
 issue_date = {August 2017},
 volume = {51},
 number = {1},
 month = sep,
 year = {2017},
 issn = {0163-5980},
 pages = {72--77},
 numpages = {6},
 url = {http://doi.acm.org/10.1145/3139645.3139657},
 doi = {10.1145/3139645.3139657},
 acmid = {3139657},
 publisher = {ACM},
 address = {New York, NY, USA}
} 

@inproceedings{Molnar:2016:DSH:2934872.2934887,
 author = {Moln\'{a}r, L\'{a}szl\'{o} and Pongr\'{a}cz, Gergely and Enyedi, G\'{a}bor and Kis, Zolt\'{a}n Lajos and Csikor, Levente and Juh\'{a}sz, Ferenc and K\H{o}r\"{o}si, Attila and R{\'e}tv\'{a}ri, G\'{a}bor},
 title = {Dataplane Specialization for High-performance OpenFlow Software Switching},
 booktitle = {Proceedings of the 2016 ACM SIGCOMM Conference},
 series = {SIGCOMM '16},
 year = {2016},
 isbn = {978-1-4503-4193-6},
 location = {Florianopolis, Brazil},
 pages = {539--552},
 numpages = {14},
 url = {http://doi.acm.org/10.1145/2934872.2934887},
 doi = {10.1145/2934872.2934887},
 acmid = {2934887},
 publisher = {ACM},
 address = {New York, NY, USA}
} 

@misc{mahalingam2013,
  author = {Mahalingam, M. and Dutt, D. and Duda, K. and Agarwal, P. and Kreeger, L. and Sridhar, T. and Bursell, M. and Wright, C.},
  howpublished = {Internet Draft},
  month = {November},
  number = 06,
  organization = {Internet Engineering Task Force},
  publisher = {IETF},
  series = {Request for Comments},
  title = {{VXLAN: A Framework for Overlaying Virtualized Layer 2 Networks over
	Layer 3 Networks}},
  url = {http://www.ietf.org/id/draft-mahalingam-dutt-dcops-vxlan-06.txt},
  year = 2013
}


@misc{davie2014stt,
  author = {Davie, B. and Gross, J.},
  month = {April},
  number = 6,
  organization = {Internet Engineering Task Force},
  publisher = {IETF},
  series = {Internet-Draft},
  title = {{A Stateless Transport Tunneling Protocol for Network Virtualization
	(STT)}},
  url = {http://tools.ietf.org/html/draft-davie-stt-06},
  year = 2014
}

@techreport{kishjac-bmwg-evpntest-08,
	number =	{draft-kishjac-bmwg-evpntest-08},
	type =		{Internet-Draft},
	institution =	{Internet Engineering Task Force},
	publisher =	{Internet Engineering Task Force},
	note =		{Work in Progress},
	url =		{https://datatracker.ietf.org/doc/html/draft-kishjac-bmwg-evpntest-08},
    author =	{Kishore Tiruveedhula and sudhin jacob},
	title =		{{Benchmarking Methodology for EVPN and PBB-EVPN}},
	pagetotal =	26,
	year =		2017,
	month =		oct,
	day =		6,
}


@techreport{hasmit-otv-04,
	number =	{draft-hasmit-otv-04},
	type =		{Internet-Draft},
	institution =	{Internet Engineering Task Force},
	publisher =	{Internet Engineering Task Force},
	note =		{Work in Progress},
	url =		{https://datatracker.ietf.org/doc/html/draft-hasmit-otv-04},
    author =	{Hasmit Grover and Dhananjaya Rao and Dino Farinacci and Victor Moreno},
	title =		{{Overlay Transport Virtualization}},
	pagetotal =	28,
	year =		2013,
	month =		feb,
	day =		23
}

@techreport{ietf-nvo3-geneve-05,
	number =	{draft-ietf-nvo3-geneve-05},
	type =		{Internet-Draft},
	institution =	{Internet Engineering Task Force},
	publisher =	{Internet Engineering Task Force},
	note =		{Work in Progress},
	url =		{https://datatracker.ietf.org/doc/html/draft-ietf-nvo3-geneve-05},
    author =	{Jesse Gross and Ilango Ganga and T. Sridhar},
	title =		{{Geneve: Generic Network Virtualization Encapsulation}},
	pagetotal =	26,
	year =		2017,
	month =		sep,
	day =		12
}

@misc{rfc8300,
	series =	{Request for Comments},
	number =	8300,
	howpublished =	{RFC 8300},
	publisher =	{RFC Editor},
	doi =		{10.17487/RFC8300},
	url =		{https://rfc-editor.org/rfc/rfc8300.txt},
        author =	{Paul Quinn and Uri Elzur and Carlos Pignataro},
	title =		{{Network Service Header (NSH)}},
	pagetotal =	40,
	year =		2018,
	month =		jan
}

@inproceedings{DeCarli:2009:PFL:1592568.1592593,
 author = {De Carli, Lorenzo and Pan, Yi and Kumar, Amit and Estan, Cristian and Sankaralingam, Karthikeyan},
 title = {PLUG: Flexible Lookup Modules for Rapid Deployment of New Protocols in High-speed Routers},
 booktitle = {Proceedings of the ACM SIGCOMM 2009 Conference on Data Communication},
 series = {SIGCOMM '09},
 year = {2009},
 isbn = {978-1-60558-594-9},
 location = {Barcelona, Spain},
 pages = {207--218},
 numpages = {12},
 url = {http://doi.acm.org/10.1145/1592568.1592593},
 doi = {10.1145/1592568.1592593},
 acmid = {1592593},
 publisher = {ACM},
 address = {New York, NY, USA}
} 

@article{Levis:2002:MTV:635508.605407,
 author = {Levis, Philip and Culler, David},
 title = {Mat\'{E}: A Tiny Virtual Machine for Sensor Networks},
 journal = {SIGOPS Oper. Syst. Rev.},
 issue_date = {December 2002},
 volume = {36},
 number = {5},
 month = oct,
 year = {2002},
 issn = {0163-5980},
 pages = {85--95},
 numpages = {11},
 url = {http://doi.acm.org/10.1145/635508.605407},
 doi = {10.1145/635508.605407},
 acmid = {605407},
 publisher = {ACM},
 address = {New York, NY, USA}
} 

@article{Paek:2010:TAT:1777406.1777413,
 author = {Paek, Jeongyeup and Greenstein, Ben and Gnawali, Omprakash and Jang, Ki-Young and Joki, August and Vieira, Marcos and Hicks, John and Estrin, Deborah and Govindan, Ramesh and Kohler, Eddie},
 title = {The Tenet Architecture for Tiered Sensor Networks},
 journal = {ACM Trans. Sen. Netw.},
 issue_date = {July 2010},
 volume = {6},
 number = {4},
 month = jul,
 year = {2010},
 issn = {1550-4859},
 pages = {34:1--34:44},
 articleno = {34},
 numpages = {44},
 url = {http://doi.acm.org/10.1145/1777406.1777413},
 doi = {10.1145/1777406.1777413},
 acmid = {1777413},
 publisher = {ACM},
 address = {New York, NY, USA}
} 

@inproceedings{Jain:2013:BEG:2486001.2486019,
 author = {Jain, Sushant and Kumar, Alok and Mandal, Subhasree and Ong, Joon and Poutievski, Leon and Singh, Arjun and Venkata, Subbaiah and Wanderer, Jim and Zhou, Junlan and Zhu, Min and Zolla, Jon and H\"{o}lzle, Urs and Stuart, Stephen and Vahdat, Amin},
 title = {B4: Experience with a Globally-deployed Software Defined Wan},
 booktitle = {Proceedings of the ACM SIGCOMM 2013 Conference on SIGCOMM},
 series = {SIGCOMM '13},
 year = {2013},
 isbn = {978-1-4503-2056-6},
 location = {Hong Kong, China},
 pages = {3--14},
 numpages = {12},
 url = {http://doi.acm.org/10.1145/2486001.2486019},
 doi = {10.1145/2486001.2486019},
 acmid = {2486019},
 publisher = {ACM},
 address = {New York, NY, USA}
} 

@inproceedings{Yu:2013:SDT:2482626.2482631,
 author = {Yu, Minlan and Jose, Lavanya and Miao, Rui},
 title = {Software Defined Traffic Measurement with OpenSketch},
 booktitle = {Proceedings of the 10th USENIX Conference on Networked Systems Design and Implementation},
 series = {nsdi'13},
 year = {2013},
 location = {Lombard, IL},
 pages = {29--42},
 numpages = {14},
 url = {http://dl.acm.org/citation.cfm?id=2482626.2482631},
 acmid = {2482631},
 publisher = {USENIX Association},
 address = {Berkeley, CA, USA},
} 

@inproceedings{DeCandia:2007:DAH:1294261.1294281,
 author = {DeCandia, Giuseppe and Hastorun, Deniz and Jampani, Madan and Kakulapati, Gunavardhan and Lakshman, Avinash and Pilchin, Alex and Sivasubramanian, Swaminathan and Vosshall, Peter and Vogels, Werner},
 title = {Dynamo: Amazon's Highly Available Key-value Store},
 booktitle = {Proceedings of Twenty-first ACM SIGOPS Symposium on Operating Systems Principles},
 series = {SOSP '07},
 year = {2007},
 isbn = {978-1-59593-591-5},
 location = {Stevenson, Washington, USA},
 pages = {205--220},
 numpages = {16},
 url = {http://doi.acm.org/10.1145/1294261.1294281},
 doi = {10.1145/1294261.1294281},
 acmid = {1294281},
 publisher = {ACM},
 address = {New York, NY, USA}
} 

@inproceedings{Naous:2008:IOS:1477942.1477944,
 Author = {Naous, Jad and Erickson, David and Covington, G. Adam and Appenzeller, Guido and McKeown, Nick},
 title = {Implementing an OpenFlow Switch on the NetFPGA Platform},
 booktitle = {Proceedings of the 4th ACM/IEEE Symposium on Architectures for Networking and Communications Systems},
 series = {ANCS '08},
 year = {2008},
 isbn = {978-1-60558-346-4},
 location = {San Jose, California},
 pages = {1--9},
 numpages = {9},
 url = {http://doi.acm.org/10.1145/1477942.1477944},
 doi = {10.1145/1477942.1477944},
 acmid = {1477944},
 publisher = {ACM},
 address = {New York, NY, USA},
} 

@book{Hennessy:2011:CAF:1999263,
 author = {Hennessy, John L. and Patterson, David A.},
 title = {Computer Architecture, Fifth Edition: A Quantitative Approach},
 year = {2011},
 isbn = {012383872X, 9780123838728},
 edition = {5th},
 publisher = {Morgan Kaufmann Publishers Inc.},
 address = {San Francisco, CA, USA},
} 

@article{Kohler:2000:CMR:354871.354874,
 author = {Kohler, Eddie and Morris, Robert and Chen, Benjie and Jannotti, John and Kaashoek, M. Frans},
 title = {The Click Modular Router},
 journal = {ACM Trans. Comput. Syst.},
 issue_date = {Aug. 2000},
 volume = {18},
 number = {3},
 month = aug,
 year = {2000},
 issn = {0734-2071},
 pages = {263--297},
 numpages = {35},
 url = {http://doi.acm.org/10.1145/354871.354874},
 doi = {10.1145/354871.354874},
 acmid = {354874},
 publisher = {ACM},
 address = {New York, NY, USA}
} 

@techreport{Han:EECS-2015-155,
    Author = {Han, Sangjin and Jang, Keon and Panda, Aurojit and Palkar, Shoumik and Han, Dongsu and Ratnasamy, Sylvia},
    Title = {SoftNIC: A Software NIC to Augment Hardware},
    Institution = {EECS Department, University of California, Berkeley},
    Year = {2015},
    Month = {May},
    URL = {http://www2.eecs.berkeley.edu/Pubs/TechRpts/2015/EECS-2015-155.html},
    Number = {UCB/EECS-2015-155}
}

@inbook {ASICDesignFlow2005,
title = {ASIC Design Flow},
author = {Lee, Weng Fook},
publisher = {John Wiley \& Sons, Inc.},
isbn = {9780471457565},
url = {http://dx.doi.org/10.1002/0471457566.ch2},
doi = {10.1002/0471457566.ch2},
pages = {3--15},
booktitle = {Verilog Coding for Logic Synthesis},
year = {2005}
}

@book{cofer2005rapid,
 author = {Cofer, R. C. and Harding, Benjamin F.},
 title = {Rapid System Prototyping with FPGAs: Accelerating the Design Process},
 year = {2005},
 isbn = {0750678666},
 publisher = {Newnes}
}

@inproceedings{sukhwani2017contutto,
 author = {Sukhwani, Bharat and Roewer, Thomas and Haymes, Charles L. and Kim, Kyu-Hyoun and McPadden, Adam J. and Dreps, Daniel M. and Sanner, Dean and Van Lunteren, Jan and Asaad, Sameh},
 title = {Contutto: A Novel FPGA-based Prototyping Platform Enabling Innovation in the Memory Subsystem of a Server Class Processor},
 booktitle = {Proceedings of the 50th Annual IEEE/ACM International Symposium on Microarchitecture},
 series = {MICRO-50 '17},
 year = {2017},
 isbn = {978-1-4503-4952-9},
 location = {Cambridge, Massachusetts},
 pages = {15--26},
 numpages = {12},
 url = {http://doi.acm.org/10.1145/3123939.3124535},
 doi = {10.1145/3123939.3124535},
 acmid = {3124535},
 publisher = {ACM},
 address = {New York, NY, USA}
}

@ARTICLE{kuon07measuring, 
author={I. Kuon and J. Rose}, 
journal={IEEE Transactions on Computer-Aided Design of Integrated Circuits and Systems}, 
title={Measuring the Gap Between FPGAs and ASICs}, 
year={2007}, 
volume={26}, 
number={2}, 
pages={203-215}, 
doi={10.1109/TCAD.2006.884574}, 
ISSN={0278-0070}, 
month={Feb}
}

@inproceedings {Lavanya2015CompilingTable,
author = {Lavanya Jose and Lisa Yan and George Varghese and Nick McKeown},
title = {Compiling Packet Programs to Reconfigurable Switches},
booktitle = {12th {USENIX} Symposium on Networked Systems Design and Implementation ({NSDI} 15)},
year = {2015},
isbn = {978-1-931971-218},
address = {Oakland, CA},
pages = {103--115},
url = {https://www.usenix.org/conference/nsdi15/technical-sessions/presentation/jose},
publisher = {{USENIX} Association}
}


@misc{xilinx_IP_2018,
    author = "Xilinx",
    title  = "Intellectual Property",
    month  = "jan",
    year   = "2018",
    url    = "https://www.xilinx.com/products/intellectual-property.html"
}

@misc{Virtex7,
    author = "Xilinx",
    title  = "Virtex-7 Family Overview",
    url    = "https://www.xilinx.com"
}


@misc{xilinx_core_generator_2018,
    author = "Xilinx",
    title  = "Xilinx CORE Generator System",
    month  = "jan",
    year   = "2018",
    url    = "https://www.xilinx.com/products/design-tools/coregen.html"
}

@TECHREPORT {xilinx_kylelocke2011,
    author      = "Kyle Locke",
    title       = "Parameterizable Content-Addressable Memory",
    institution = "Xilinx",
    year        = "2011",
    type        = "PDF",
    month       = "mar"
}

@inproceedings{Lockwood:2007:NOP:1262688.1262788,
 author = {Lockwood, John W. and McKeown, Nick and Watson, Greg and Gibb, Glen and Hartke, Paul and Naous, Jad and Raghuraman, Ramanan and Luo, Jianying},
 title = {NetFPGA--An Open Platform for Gigabit-Rate Network Switching and Routing},
 booktitle = {Proceedings of the 2007 IEEE International Conference on Microelectronic Systems Education},
 series = {MSE '07},
 year = {2007},
 isbn = {0-7695-2849-X},
 pages = {160--161},
 numpages = {2},
 url = {http://dx.doi.org/10.1109/MSE.2007.69},
 doi = {10.1109/MSE.2007.69},
 acmid = {1262788},
 publisher = {IEEE Computer Society},
 address = {Washington, DC, USA}
} 

@inproceedings {FlowBlaze2019,
author = {Salvatore Pontarelli and Roberto Bifulco and Marco Bonola and Carmelo Cascone and Marco Spaziani and Valerio Bruschi and Davide Sanvito and Giuseppe Siracusano and Antonio Capone and Michio Honda and Felipe Huici and Giuseppe Siracusano},
title = {FlowBlaze: Stateful Packet Processing in Hardware},
booktitle = {16th {USENIX} Symposium on Networked Systems Design and Implementation ({NSDI} 19)},
year = {2019},
address = {Boston, MA},
url = {https://www.usenix.org/conference/nsdi19/presentation/pontarelli},
publisher = {{USENIX} Association},
}

@ARTICLE{SUME2014,
author={N. {Zilberman} and Y. {Audzevich} and G. A. {Covington} and A. W. {Moore}},
journal={IEEE Micro},
title={NetFPGA SUME: Toward 100 Gbps as Research Commodity},
year={2014},
volume={34},
number={5},
pages={32-41},
doi={10.1109/MM.2014.61},
ISSN={0272-1732},
month={Sep.},
}

@inproceedings{Hoiland-Jorgensen:2018:EDP:3281411.3281443,
 author = {H{\o}iland-J{\o}rgensen, Toke and Brouer, Jesper Dangaard and Borkmann, Daniel and Fastabend, John and Herbert, Tom and Ahern, David and Miller, David},
 title = {The eXpress Data Path: Fast Programmable Packet Processing in the Operating System Kernel},
 booktitle = {Proceedings of the 14th International Conference on Emerging Networking EXperiments and Technologies},
 series = {CoNEXT '18},
 year = {2018},
 isbn = {978-1-4503-6080-7},
 location = {Heraklion, Greece},
 pages = {54--66},
 numpages = {13},
 url = {http://doi.acm.org/10.1145/3281411.3281443},
 doi = {10.1145/3281411.3281443},
 acmid = {3281443},
 publisher = {ACM},
 address = {New York, NY, USA},
 keywords = {BPF, DPDK, XDP, programmable networking},
} 

@misc{P4-16,
    author = "The P4 Language Consortium",
    title  = "The P4-16 Language Specification",
    month  = "May",
    year   = "2017",
    url    = "https://p4.org/p4-spec/docs/P4-16-v1.0.0-spec.pdf"
}

@misc{Netronome2018,
 author = {Beckett, David  and Joubert, Jaco  and Horman, Simon},
 title = {Host Dataplane Acceleration (HDA)},
 booktitle = {ACM Special Interest Group on Data Communication Tutorial},
 series = {SIGCOMM '18},
 year = {2018},
 location = {Budapest, Hungary},
 publisher = {ACM},
 address = {New York, NY, USA}
}

@article{Bianchi:2014:OPP:2602204.2602211,
 author = {Bianchi, Giuseppe and Bonola, Marco and Capone, Antonio and Cascone, Carmelo},
 title = {OpenState: Programming Platform-independent Stateful Openflow Applications Inside the Switch},
 journal = {SIGCOMM Comput. Commun. Rev.},
 issue_date = {April 2014},
 volume = {44},
 number = {2},
 month = apr,
 year = {2014},
 issn = {0146-4833},
 pages = {44--51},
 numpages = {8},
 url = {http://doi.acm.org/10.1145/2602204.2602211},
 doi = {10.1145/2602204.2602211},
 acmid = {2602211},
 publisher = {ACM},
 address = {New York, NY, USA},
 keywords = {openflow, programming interfaces, sdn, state machines},
} 

@inproceedings{Moshref:2014:FST:2620728.2620729,
 author = {Moshref, Masoud and Bhargava, Apoorv and Gupta, Adhip and Yu, Minlan and Govindan, Ramesh},
 title = {Flow-level State Transition As a New Switch Primitive for SDN},
 booktitle = {Proceedings of the Third Workshop on Hot Topics in Software Defined Networking},
 series = {HotSDN '14},
 year = {2014},
 isbn = {978-1-4503-2989-7},
 location = {Chicago, Illinois, USA},
 pages = {61--66},
 numpages = {6},
 url = {http://doi.acm.org/10.1145/2620728.2620729},
 doi = {10.1145/2620728.2620729},
 acmid = {2620729},
 publisher = {ACM},
 address = {New York, NY, USA},
 keywords = {software-defined network, state machine},
} 

